<?xml version="1.0" encoding="UTF-8"?><collection xmlns="http://www.loc.gov/MARC21/slim"><record><leader>00529nam--2200193-i-4500</leader><controlfield tag="001">000019831</controlfield><controlfield tag="002">20161230</controlfield><controlfield tag="005">20161230201033</controlfield><controlfield tag="008">060222s1000------------r-----000-0-rus-d</controlfield><datafield ind1=" " ind2=" " tag="040"><subfield code="a">IFIN-HH</subfield></datafield><datafield ind1=" " ind2=" " tag="041"><subfield code="a">rus</subfield></datafield><datafield ind1=" " ind2=" " tag="080"><subfield code="a">537.624:546.65</subfield></datafield><datafield ind1="1" ind2=" " tag="100"><subfield code="a">Belov, K.P</subfield></datafield><datafield ind1="1" ind2="0" tag="245"><subfield code="a">Orientationnie perehodi v pedkozemelnih magnetikah</subfield><subfield code="c">K.p. belov; a.k. zvezdin; a.m. kadomteva; r.z. levitin</subfield></datafield><datafield ind1=" " ind2=" " tag="260"><subfield code="a">Moskva</subfield><subfield code="b">Nauka</subfield><subfield code="c">1979</subfield></datafield><datafield ind1=" " ind2=" " tag="300"><subfield code="a">317P</subfield></datafield><datafield ind1="1" ind2=" " tag="700"><subfield code="a">Levitin, R.Z</subfield></datafield><datafield ind1=" " ind2=" " tag="852"><subfield code="a">48705</subfield><subfield code="c">537:538</subfield></datafield><datafield ind1=" " ind2=" " tag="CAT"><subfield code="a">Sys</subfield><subfield code="c">20110624</subfield><subfield code="h">102640</subfield></datafield></record></collection>